<?xml version="1.0" encoding="UTF-8"?><record xmlns="http://www.loc.gov/MARC21/slim" xmlns:cinclude="http://apache.org/cocoon/include/1.0" xmlns:zs="http://www.loc.gov/zing/srw/">
  <leader>00382cz  a2200121n  4500</leader>
  <controlfield tag="001">n 2007000380</controlfield>
  <controlfield tag="003">DLC</controlfield>
  <controlfield tag="005">20070105075038.0</controlfield>
  <controlfield tag="008">070104n| acannaabn          |n ana      </controlfield>
  <datafield tag="010" ind1=" " ind2=" ">
    <subfield code="a">n 2007000380</subfield>
  </datafield>
  <datafield tag="040" ind1=" " ind2=" ">
    <subfield code="a">DLC</subfield>
    <subfield code="b">eng</subfield>
    <subfield code="c">DLC</subfield>
  </datafield>
  <datafield tag="110" ind1="2" ind2=" ">
    <subfield code="a">Edward Moore Designs (Firm)</subfield>
  </datafield>
  <datafield tag="670" ind1=" " ind2=" ">
    <subfield code="a">Edward Moore Designs (Firm). [al-ManaĚmah], 1995:</subfield>
    <subfield code="b">map recto (produced by Edward Moore Designs, Dublin, Ireland)</subfield>
  </datafield>
</record>